@Misc{ hid-sp18-510-web-theano,
  author = {Theano},
  title    = {theano},
  howpublished = {Web},
  url = {http://deeplearning.net/software/theano/}
}
 
@Misc{ hid-sp18-510-wiki-theano,
  author = {wikipedia},
  Title     = {Theano},
  howpublished = {Web},
  timestamp = {2018-02-03}
  Url = {https://en.wikipedia.org/wiki/Theano_(software)}
}
