@Misc{hid-sp18-510-rpi,
  Title                    = {What is Raspberry Pi},
  Author                   = {OpenSource.com},
  Timestamp                = {2018.04.20},
  HowPublished             = {Web Page},
  Url                      = {https://opensource.com/resources/raspberry-pi}
}

@Misc{hid-sp18-510-spark,
  Title                    = {Big Data Processing with Apache Spark },
  Author                   = {Srini Penchikala},
  Timestamp                = {2018.04.20},
  Month					   = {January},
  Year					   = 2015,
  HowPublished             = {Web Page},
  Url                      = {https://www.infoq.com/articles/apache-spark-introduction}
}

@Misc{hid-sp18-510-gcp,
  Title                    = {Google Cloud Storage},
  Author                   = {Google},
  Timestamp                = {2018.04.20},  
  HowPublished             = {Web Page},
  Url                      = {https://cloud.google.com/storage/}
}

@Misc{hid-sp18-510-mllib2,
  Title                    = {MLlib and Machine Learning},
  Author                   = {DataBricks},
  Timestamp                = {2018.04.20},  
  HowPublished             = {Web Page},
  Url                      = {https://docs.databricks.com/spark/latest/mllib/index.html}
}

@Misc{hid-sp18-510-sparkml,
  Title                    = {MLlib: Scalable Machine Leaning on Spark},
  Author                   = {Xiangrui Meng},
  Timestamp                = {2018.04.20},  
  HowPublished             = {Web Page},
  Url                      = {https://stanford.edu/~rezab/sparkworkshop/slides/xiangrui.pdf}
}

@Misc{hid-sp18-510-dataset,
  Title                    = {California Housing},
  Author                   = {Pace, R. Kelley and Ronald Barry},
  Timestamp                = {2018.04.20},  
  HowPublished             = {Web Page},
  Url                      = {http://www.dcc.fc.up.pt/~ltorgo/Regression/cal_housing.html}
}

@Misc{hid-sp18-510-apmllib,
  Title                    = {Spark MLlib},
  Author                   = {Apache},
  Timestamp                = {2018.04.20},  
  HowPublished             = {Web Page},
  Url                      = {https://spark.apache.org/mllib/}
}

@Misc{hid-sp18-510-kafka,
  Title                    = {Apache Kafka},
  Author                   = {IntelliPaat},
  Timestamp                = {2018.04.20},  
  Month					   = {December},
  Year					   = 2016,
  HowPublished             = {Web Page},
  Url                      = {https://intellipaat.com/blog/what-is-apache-kafka/}
}

@Misc{hid-sp18-510-edge-wiki,
  Title                    = {Edge Computing},
  Author                   = {Wikipedia},
  Timestamp                = {2018.04.20},  
  Month					   = {April},
  Year					   = 2018,
  HowPublished             = {Web Page},
  Url                      = {https://intellipaat.com/blog/what-is-apache-kafka/}
}

@Misc{hid-sp18-510-dc,
  Title                    = {Apache Spark Machine Learning Tutorial},
  Author                   = {Karlijn Willems},
  Timestamp                = {2018.04.20},  
  Month					   = {July},
  Year					   = 2017,
  HowPublished             = {Web Page},
  Url                      = {https://www.datacamp.com/community/tutorials/apache-spark-tutorial-machine-learning}
}

@Misc{hid-sp18-510-git,
  Title                    = {raspberrypi-ui},
  Author                   = {rasberrypi.org},
  Timestamp                = {2018.04.20},  
  Month					   = {July},
  Year					   = 2017,
  HowPublished             = {Web Page},
  Url                      = {https://github.com/raspberrypi-ui/piclone/blob/master/src/backup}
}

@Misc{hid-sp18-510-pisetup-1,
  Title                    = {Hadoop and Spark Installation on Raspberry Pi-3 Cluster},
  Author                   = {Niranjan Tallapalli},
  Timestamp                = {2018.04.20},  
  Month					   = {February},
  Year					   = 2017,
  HowPublished             = {Web Page},
  Url                      = {https://tekmarathon.com/2017/02/15/hadoop-and-spark-installation-on-raspberry-pi-3-cluster-part-2/}
}

@Misc{hid-sp18-510-pisetup-2,
  Title                    = {1.1 Billion Taxi Rides With Spark 2.2 and 3 Raspberry Pi 3 Model Bs},
  Author                   = {Mark litwintschik},
  Timestamp                = {2018.04.20},  
  Month					   = {September},
  Year					   = 2017,
  HowPublished             = {Web Page},
  Url                      = {http://tech.marksblogg.com/billion-nyc-taxi-rides-spark-raspberry-pi.html}
}

@Misc{hid-sp18-510-pisetup-3,
  Title                    = {Installing Apache Spark on a Raspberry Pi 2},
  Author                   = {Darren JW},
  Timestamp                = {2018.04.20},  
  Month					   = {April},
  Year					   = 2015,
  HowPublished             = {Web Page},
  Url                      = {https://darrenjw2.wordpress.com/2015/04/17/installing-apache-spark-on-a-raspberry-pi-2/}
}

