@misc{hid-sp18-510-tensorflow2015-whitepaper,
title={ {TensorFlow}: Large-Scale Machine Learning on Heterogeneous Systems},
url={https://www.tensorflow.org/},
note={Software available from tensorflow.org},
author={
    Mart\'{\i}n~Abadi and
    Ashish~Agarwal and
    Paul~Barham and
    Eugene~Brevdo and
    Zhifeng~Chen and
    Craig~Citro and
    Greg~S.~Corrado and
    Andy~Davis and
    Jeffrey~Dean and
    Matthieu~Devin and
    Sanjay~Ghemawat and
    Ian~Goodfellow and
    Andrew~Harp and
    Geoffrey~Irving and
    Michael~Isard and
    Yangqing Jia and
    Rafal~Jozefowicz and
    Lukasz~Kaiser and
    Manjunath~Kudlur and
    Josh~Levenberg and
    Dandelion~Man\'{e} and
    Rajat~Monga and
    Sherry~Moore and
    Derek~Murray and
    Chris~Olah and
    Mike~Schuster and
    Jonathon~Shlens and
    Benoit~Steiner and
    Ilya~Sutskever and
    Kunal~Talwar and
    Paul~Tucker and
    Vincent~Vanhoucke and
    Vijay~Vasudevan and
    Fernanda~Vi\'{e}gas and
    Oriol~Vinyals and
    Pete~Warden and
    Martin~Wattenberg and
    Martin~Wicke and
    Yuan~Yu and
    Xiaoqiang~Zheng},
  year={2015},
  Timestamp                = {2018.03.20},
}

@misc{hid-sp18-510-tensorflow-whitepaper-2,
title={ {TensorFlow}: A System for Large-Scale Machine Learning},
url={https://www.usenix.org/system/files/conference/osdi16/osdi16-abadi.pdf},
note={Software available from tensorflow.org},
author={
    Mart\'{\i}n~Abadi and
    Paul~Barham and
    Eugene~Brevdo and
	Jianmin~Chen and
    Zhifeng~Chen and
    Andy~Davis and
    Jeffrey~Dean and
    Matthieu~Devin and
    Sanjay~Ghemawat and
    Geoffrey~Irving and
    Michael~Isard and
    Yangqing Jia and
    Manjunath~Kudlur and
    Josh~Levenberg and
    Rajat~Monga and
    Sherry~Moore and
    Derek~Murray and
    Benoit~Steiner and
    Paul~Tucker and
    Vijay~Vasudevan and
    Pete~Warden and
    Martin~Wicke and
    Yuan~Yu and
    Xiaoqiang~Zheng},
  year={2016},
  Timestamp                = {2018.03.20},
}

@Misc{hid-sp18-510-web-tf,
  Title                    = {TensorFlow},

  Author                   = {Google Brain},
  HowPublished             = {Web Page},

  Timestamp                = {2018.03.20},
  Url                      = {https://www.tensorflow.org}
}


@Misc{hid-sp18-510-web-theano,
  Title                    = {theano},

  Author                   = {Theano},
  HowPublished             = {Web Page},

  Timestamp                = {2018.03.20},
  Url                      = {http://deeplearning.net/software/theano/}
}

@Misc{hid-sp18-510-web-torch,
  Title                    = {pytorch},

  Author                   = {pytorch},
  HowPublished             = {Web Page},

  Timestamp                = {2018.03.20},
  Url                      = {http://pytorch.org}
}

@Misc{hid-sp18-510-web-caffe,
  Title                    = {Caffe},

  Author                   = {Berkley Artificial Intelligence Research},
  HowPublished             = {Web Page},

  Timestamp                = {2018.03.20},
  Url                      = {http://caffe.berkeleyvision.org}
}

@Misc{hid-sp18-510-web-chain,
  Title                    = {Chainer},

  Author                   = {Chainer},
  HowPublished             = {Web Page},

  Timestamp                = {2018.03.20},
  Url                      = {https://chainer.org}
}

@Misc{hid-sp18-510-web-cntk,
  Title                    = {The Microsoft Cognitive Toolkit},

  Author                   = {Microsoft},
  HowPublished             = {Web Page},

  Timestamp                = {2018.02.18},
  Url                      = {https://docs.microsoft.com/en-us/cognitive-toolkit/}
}

@Misc{hid-sp18-510-notes,
  Title                    = {TensorFlow White Paper Notes},

  Author                   = {samjabrahams},
  HowPublished             = {Web Page},
  Month                    = {May},
  Year                     = {2017},
  Timestamp                = {2018.03.20},
  
  Url                      = {https://github.com/samjabrahams/tensorflow-white-paper-notes}
}

@Misc{hid-sp18-510-tfblog,
  Title                    = {What is the TensorFlow machine intelligence platform?},

  Author                   = {Amy Unruh},
  HowPublished             = {Web Page},
  Month                    = {Nov},
  Year                     = {2017},
  Timestamp                = {2018.03.20},
  
  Url                      = {https://opensource.com/article/17/11/intro-tensorflow}
}